
@book{muller_bayesian_2015,
	location = {Cham},
	title = {Bayesian Nonparametric Data Analysis},
	isbn = {978-3-319-18967-3 978-3-319-18968-0},
	url = {http://link.springer.com/10.1007/978-3-319-18968-0},
	series = {Springer Series in Statistics},
	publisher = {Springer International Publishing},
	author = {MÃ¼ller, Peter and Quintana, Fernando Andres and Jara, Alejandro and Hanson, Tim},
	urldate = {2022-07-23},
	date = {2015},
	doi = {10.1007/978-3-319-18968-0},
}

@article{arellano-valle_portfolio_2010,
	title = {Portfolio selection: An application to the Chilean stock market},
	volume = {1},
	shorttitle = {Portfolio selection},
	pages = {3--15},
	number = {2},
	journaltitle = {Chil. J. Stat.},
	author = {Arellano-Valle, Reinaldo B. and Bolfarine, Heleno and Iglesias, Pilar L. and Viviani, Paola},
	date = {2010},
}

@book{severini_introduction_2018,
	location = {Boca Raton, {FL}},
	title = {Introduction to statistical methods for financial models},
	isbn = {978-1-138-19837-1},
	pagetotal = {370},
	publisher = {{CRC} Press, Taylor \& Francis Group},
	author = {Severini, Thomas A. (Thomas Alan)},
	date = {2018},
	keywords = {Finance, Mathematical models, Statistical methods},
}

@article{carpenter_stan_2017,
	title = {\textit{Stan} : A Probabilistic Programming Language},
	volume = {76},
	issn = {1548-7660},
	url = {http://www.jstatsoft.org/v76/i01/},
	doi = {10.18637/jss.v076.i01},
	shorttitle = {\textit{Stan}},
	number = {1},
	journaltitle = {Journal of Statistical Software},
	shortjournal = {J. Stat. Soft.},
	author = {Carpenter, Bob and Gelman, Andrew and Hoffman, Matthew D. and Lee, Daniel and Goodrich, Ben and Betancourt, Michael and Brubaker, Marcus and Guo, Jiqiang and Li, Peter and Riddell, Allen},
	urldate = {2022-11-29},
	date = {2017},
	langid = {english},
	file = {Full Text:/home/edovt/Zotero/storage/IBWKZ88X/Carpenter et al. - 2017 - Stan  A Probabilistic Programming Language.pdf:application/pdf},
}

@article{vehtari_practical_2017,
	title = {Practical Bayesian model evaluation using leave-one-out cross-validation and {WAIC}},
	volume = {27},
	issn = {0960-3174, 1573-1375},
	url = {http://link.springer.com/10.1007/s11222-016-9696-4},
	doi = {10.1007/s11222-016-9696-4},
	pages = {1413--1432},
	number = {5},
	journaltitle = {Statistics and Computing},
	shortjournal = {Stat Comput},
	author = {Vehtari, Aki and Gelman, Andrew and Gabry, Jonah},
	urldate = {2022-11-29},
	date = {2017-09},
	langid = {english},
	file = {Submitted Version:/home/edovt/Zotero/storage/KR3MHFNX/Vehtari et al. - 2017 - Practical Bayesian model evaluation using leave-on.pdf:application/pdf},
}

@article{sharpe_capital_1964,
	title = {Capital Asset Prices: A Theory of Market Equilibrium Under Conditions of Risk},
	volume = {19},
	issn = {00221082},
	url = {https://onlinelibrary.wiley.com/doi/10.1111/j.1540-6261.1964.tb02865.x},
	doi = {10.1111/j.1540-6261.1964.tb02865.x},
	shorttitle = {{CAPITAL} {ASSET} {PRICES}},
	pages = {425--442},
	number = {3},
	journaltitle = {The Journal of Finance},
	shortjournal = {The Journal of Finance},
	author = {Sharpe, William F.},
	urldate = {2022-11-29},
	date = {1964-09},
	langid = {english},
	file = {Full Text:/home/edovt/Zotero/storage/KUSUDHCB/Sharpe - 1964 - CAPITAL ASSET PRICES A THEORY OF MARKET EQUILIBRI.pdf:application/pdf},
}

@collection{de_finetti_bayesian_1986,
	location = {Amsterdam ; New York : New York, N.Y., U.S.A},
	title = {Bayesian inference and decision techniques: essays in honor of Bruno de Finetti},
	isbn = {978-0-444-87712-3},
	series = {Studies in Bayesian econometrics and statistics},
	shorttitle = {Bayesian inference and decision techniques},
	pagetotal = {496},
	number = {v. 6},
	publisher = {North-Holland ; Sole distributors for the U.S.A. and Canada, Elsevier Science Pub. Co},
	editor = {De Finetti, Bruno and Goel, Prem K. and Zellner, Arnold},
	date = {1986},
	keywords = {Bayesian statistical decision theory, De Finetti, Bruno, Decision making, Econometrics},
}
